<?xml version="1.0" encoding="UTF-8"?><collection xmlns="http://www.loc.gov/MARC21/slim"><record><leader>00367nam--2200145-i-4500</leader><controlfield tag="001">000017229</controlfield><controlfield tag="002">20161230</controlfield><controlfield tag="005">20161230201032</controlfield><controlfield tag="008">060222s1000------------r-----000-0-eng-d</controlfield><datafield ind1=" " ind2=" " tag="020"><subfield code="a">92-9120-</subfield></datafield><datafield ind1=" " ind2=" " tag="080"><subfield code="a">330.34.014(480/489)</subfield></datafield><datafield ind1=" " ind2=" " tag="245"><subfield code="a">Yearbook of nordic statistics 1994</subfield></datafield><datafield ind1=" " ind2=" " tag="260"><subfield code="a">Aka-print A/S, Arhus 1994 431 P</subfield></datafield><datafield ind1=" " ind2=" " tag="700"><subfield code="a">Harry De Sharengrad</subfield></datafield><datafield ind1=" " ind2=" " tag="852"><subfield code="a">80169</subfield></datafield></record></collection>